@misc{PCTut5,
    author = {Chardaire, Pierre},
    title = {Tutorial 5: Producing professional looking tables},
    year = {2013},
}

@article{zhao2023complete,
    title = {Complete coverage path planning scheme for autonomous navigation
             ROS-based robots},
    author = {Zhao, Shengmin and Hwang, Seung-Hoon},
    journal = {ICT Express},
    volume = {9},
    number = {3},
    pages = {361--366},
    year = {2023},
    publisher = {Elsevier},
}

@article{doi:10.1126/scirobotics.abm6074,
    author = {Steven Macenski and Tully Foote and Brian Gerkey and Chris
              Lalancette and William Woodall },
    title = {Robot Operating System 2: Design, architecture, and uses in the
             wild},
    journal = {Science Robotics},
    volume = {7},
    number = {66},
    pages = {eabm6074},
    year = {2022},
    doi = {10.1126/scirobotics.abm6074},
    URL = {https://www.science.org/doi/abs/10.1126/scirobotics.abm6074},
}

@misc{fields2cover,
    title = {Fields2Cover: Mission Planning for Agricultural Vehicles},
    author = {Fields2Cover Team},
    year = {2023},
    url = {https://fields2cover.github.io/},
    howpublished = {\url{https://fields2cover.github.io/}},
}

@article{graham1972efficient,
    title = {An efficient algorithm for determining the convex hull of a finite
             planar set},
    author = {Graham, Ronald L},
    journal = {Information Processing Letters},
    volume = {1},
    number = {4},
    pages = {132--133},
    year = {1972},
    publisher = {Elsevier},
}

@article{canny1986computational,
    title = {A computational approach to edge detection},
    author = {Canny, John},
    journal = {IEEE Transactions on pattern analysis and machine intelligence},
    volume = {PAMI-8},
    number = {6},
    pages = {679--698},
    year = {1986},
    publisher = {IEEE},
    doi = {10.1109/TPAMI.1986.4767851},
}

@misc{opencv_library,
    author = {Bradski, G. and Kaehler, A. and Pisarevsky, V.},
    title = {OpenCV: Open Source Computer Vision Library},
    howpublished = {\url{https://opencv.org/}},
    year = {2023},
    note = {Accessed: 2025-04-13},
}

@inproceedings{paszke2019pytorch,
  title={PyTorch: An Imperative Style, High-Performance Deep Learning Library},
  author={Paszke, Adam and Gross, Sam and Massa, Francisco and Lerer, Adam and Bradbury, James and Chanan, Gregory and Killeen, Trevor and Lin, Zeming and Gimelshein, Natalia and Antiga, Luca and Desmaison, Alban and Kopf, Andreas and Yang, Edward and DeVito, Zachary and Raison, Martin and Tejani, Alykhan and Chilamkurthy, Sasank and Steiner, Benoit and Fang, Lu and Bai, Junjie and Chintala, Soumith},
  booktitle={Advances in Neural Information Processing Systems 32},
  editor={H. Wallach and H. Larochelle and A. Beygelzimer and F. d\textquotesingle Alch\'{e}-Buc and E. Fox and R. Garnett},
  pages={8024--8035},
  year={2019},
  publisher={Curran Associates, Inc.},
  url={http://papers.neurips.cc/paper/9015-pytorch-an-imperative-style-high-performance-deep-learning-library.pdf}
}
